<record><leader>00000cas a22000007a 4500</leader><controlfield tag="001">15728798</controlfield><controlfield tag="008">870523d19271971iauwr ne      0    0eng d</controlfield><datafield ind1=" " ind2=" " tag="010"><subfield code="a">sn 87057451 </subfield></datafield><datafield ind1=" " ind2=" " tag="040"><subfield code="a">INP</subfield><subfield code="b">eng</subfield><subfield code="c">INP</subfield><subfield code="d">OCLCQ</subfield></datafield><datafield ind1=" " ind2=" " tag="042"><subfield code="a">msc</subfield></datafield><datafield ind1="0" ind2="0" tag="245"><subfield code="a">Glenwood opinion-tribune.</subfield></datafield><datafield ind1="3" ind2="0" tag="246"><subfield code="a">Opinion-tribune</subfield></datafield><datafield ind1=" " ind2=" " tag="260"><subfield code="a">Glenwood, Iowa :</subfield><subfield code="b">Choate Pub. Co.,</subfield><subfield code="c">1927-1971.</subfield></datafield><datafield ind1=" " ind2=" " tag="300"><subfield code="a">45 v.</subfield></datafield><datafield ind1=" " ind2=" " tag="310"><subfield code="a">Weekly,</subfield><subfield code="b">Oct. 8, 1942-1971</subfield></datafield><datafield ind1=" " ind2=" " tag="321"><subfield code="a">Semiweekly,</subfield><subfield code="b">1927-Oct. 1, 1942</subfield></datafield><datafield ind1="0" ind2=" " tag="362"><subfield code="a">Vol. 66, no. 49 (Apr. 4, 1927)-v. 67, no. 23 (July 14, 1927) ; vol. 64, no. 1 (July 18, 1927)-v. 107, no. 1 (Jan. 6, 1971).</subfield></datafield><datafield ind1=" " ind2=" " tag="500"><subfield code="a">"Glenwood" appears above title ornament, 1961-Jan. 6, 1971.</subfield></datafield><datafield ind1=" " ind2=" " tag="500"><subfield code="a">Publisher varies.</subfield></datafield><datafield ind1=" " ind2=" " tag="515"><subfield code="a">Issues for Apr. 4-July 14, 1927, called also v. 37, no. 26-v. 38, no. 52 in continuation of numbering system of Mills County tribune.</subfield></datafield><datafield ind1=" " ind2=" " tag="515"><subfield code="a">Vol. 64, no. 1-v. 67, no. 23 repeated in numbering.</subfield></datafield><datafield ind1=" " ind2=" " tag="752"><subfield code="a">United States</subfield><subfield code="b">Iowa</subfield><subfield code="c">Mills</subfield><subfield code="d">Glenwood.</subfield></datafield><datafield ind1="0" ind2="4" tag="780"><subfield code="t">Glenwood opinion</subfield><subfield code="w">(DLC)sn 84038191</subfield></datafield><datafield ind1="0" ind2="4" tag="780"><subfield code="t">Mills County tribune</subfield><subfield code="w">(DLC)sn 87057430</subfield></datafield><datafield ind1="0" ind2="5" tag="780"><subfield code="t">Silver City times</subfield><subfield code="w">(DLC)sn 88059409</subfield></datafield><datafield ind1="0" ind2="0" tag="785"><subfield code="t">Opinion tribune</subfield><subfield code="w">(DLC)sn 87057452</subfield></datafield></record>